<record><leader>00000cas a2200000 a 4500</leader><controlfield tag="001">19210913</controlfield><controlfield tag="008">890214d18571862tnuwr ne      0    0eng d</controlfield><datafield ind1=" " ind2=" " tag="010"><subfield code="a">sn 89058276 </subfield></datafield><datafield ind1=" " ind2=" " tag="040"><subfield code="a">KNP</subfield><subfield code="b">eng</subfield><subfield code="c">KNP</subfield><subfield code="d">TGN</subfield><subfield code="d">OCL</subfield><subfield code="d">TGN</subfield><subfield code="d">OCL</subfield><subfield code="d">OCLCQ</subfield><subfield code="d">OCLCF</subfield><subfield code="d">OCLCO</subfield></datafield><datafield ind1="1" ind2=" " tag="029"><subfield code="a">AU@</subfield><subfield code="b">000020541465</subfield></datafield><datafield ind1=" " ind2=" " tag="042"><subfield code="a">msc</subfield></datafield><datafield ind1=" " ind2=" " tag="043"><subfield code="a">n-us-tn</subfield></datafield><datafield ind1=" " ind2="4" tag="050"><subfield code="a">AN48.P37</subfield><subfield code="b">P39</subfield></datafield><datafield ind1="0" ind2="4" tag="245"><subfield code="a">The Paris weekly sentinel.</subfield></datafield><datafield ind1="3" ind2=" " tag="246"><subfield code="a">Paris sentinel</subfield></datafield><datafield ind1=" " ind2=" " tag="260"><subfield code="a">Paris, Tenn. :</subfield><subfield code="b">Hiram F. Cummins</subfield></datafield><datafield ind1=" " ind2=" " tag="300"><subfield code="a">v.</subfield></datafield><datafield ind1=" " ind2=" " tag="310"><subfield code="a">Weekly</subfield></datafield><datafield ind1="1" ind2=" " tag="362"><subfield code="a">Began in 1857; ceased in 1862.</subfield></datafield><datafield ind1=" " ind2=" " tag="500"><subfield code="a">Publishers: Hiram F. Cummins, &lt;1857-1859&gt;; Geo. W. Conway &amp; Jos. W. Morey, &lt;1860&gt;; Morey &amp; Co., &lt;1861&gt;</subfield></datafield><datafield ind1=" " ind2=" " tag="588"><subfield code="a">Description based on: Vol. 1, no. 37 (Apr. 3, 1857).</subfield></datafield><datafield ind1=" " ind2="0" tag="651"><subfield code="a">Paris (Tenn.)</subfield><subfield code="v">Newspapers.</subfield></datafield><datafield ind1=" " ind2="0" tag="651"><subfield code="a">Henry County (Tenn.)</subfield><subfield code="v">Newspapers.</subfield></datafield><datafield ind1=" " ind2="7" tag="655"><subfield code="a">Newspapers.</subfield><subfield code="2">fast</subfield><subfield code="0">(OCoLC)fst01423814</subfield></datafield><datafield ind1=" " ind2="7" tag="651"><subfield code="a">Tennessee</subfield><subfield code="z">Henry County.</subfield><subfield code="2">fast</subfield><subfield code="0">(OCoLC)fst01221712</subfield></datafield><datafield ind1=" " ind2="7" tag="651"><subfield code="a">Tennessee</subfield><subfield code="z">Paris.</subfield><subfield code="2">fast</subfield><subfield code="0">(OCoLC)fst01221711</subfield></datafield><datafield ind1=" " ind2=" " tag="752"><subfield code="a">United States</subfield><subfield code="b">Tennessee</subfield><subfield code="c">Henry</subfield><subfield code="d">Paris.</subfield></datafield><datafield ind1="0" ind2="0" tag="780"><subfield code="t">Paris sentinel (Paris, Tenn.)</subfield><subfield code="w">(DLC)sn 97065224</subfield></datafield></record>